%% This BibTeX bibliography file was created using BibDesk.
%% https://bibdesk.sourceforge.io/

%% Created for Mona Mousavi at 2023-08-04 14:43:18 -0500 


%% Saved with string encoding Unicode (UTF-8) 



@article{bullock1994quadratic,
	author = {Bullock, Donald G and Bullock, David S},
	date-added = {2023-08-04 14:43:01 -0500},
	date-modified = {2023-08-04 14:43:01 -0500},
	journal = {Agronomy Journal},
	number = {1},
	pages = {191--195},
	publisher = {Wiley Online Library},
	title = {Quadratic and quadratic-plus-plateau models for predicting optimal nitrogen rate of corn: A comparison},
	volume = {86},
	year = {1994}}


@article{ransom2020corn,
  title={Corn nitrogen rate recommendation tools’ performance across eight US midwest corn belt states},
  author={Ransom, Curtis J and Kitchen, Newell R and Camberato, James J and Carter, Paul R and Ferguson, Richard B and Fern{\'a}ndez, Fabi{\'a}n G and Franzen, David W and Laboski, Carrie AM and Nafziger, Emerson D and Sawyer, John E and others},
  journal={Agronomy Journal},
  volume={112},
  number={1},
  pages={470--492},
  year={2020},
  publisher={Wiley Online Library}
}

@article{correndo2021assessing,
  title={Assessing the uncertainty of maize yield without nitrogen fertilization},
  author={Correndo, Adrian A and Rotundo, Jose L and Tremblay, Nicolas and Archontoulis, Sotirios and Coulter, Jeffrey A and Ruiz-Diaz, Dorivar and Franzen, Dave and Franzluebbers, Alan J and Nafziger, Emerson and Schwalbert, Rai and others},
  journal={Field Crops Research},
  volume={260},
  pages={107985},
  year={2021},
  publisher={Elsevier}
}

@article{wen2022optimizing,
  title={Optimizing machine learning-based site-specific nitrogen application recommendations for canola production},
  author={Wen, Guoqi and Ma, Bao-Luo and Vanasse, Anne and Caldwell, Claude D and Smith, Donald L},
  journal={Field Crops Research},
  volume={288},
  pages={108707},
  year={2022},
  publisher={Elsevier}
}

@article{puntel2016modeling,
  title={Modeling long-term corn yield response to nitrogen rate and crop rotation},
  author={Puntel, Laila A and Sawyer, John E and Barker, Daniel W and Dietzel, Ranae and Poffenbarger, Hanna and Castellano, Michael J and Moore, Kenneth J and Thorburn, Peter and Archontoulis, Sotirios V},
  journal={Frontiers in plant science},
  volume={7},
  pages={1630},
  year={2016},
  publisher={Frontiers Media SA}
}

@article{wortmann2011nitrogen,
  title={Nitrogen use efficiency of irrigated corn for three cropping systems in Nebraska},
  author={Wortmann, Charles S and Tarkalson, David D and Shapiro, Charles A and Dobermann, Achim R and Ferguson, Richard B and Hergert, Gary W and Walters, D},
  journal={Agronomy Journal},
  volume={103},
  number={1},
  pages={76--84},
  year={2011},
  publisher={Wiley Online Library}
}

@article{malzer1996corn,
  title={Corn yield response variability and potential profitability of site-specific nitrogen management},
  author={Malzer, Gary L},
  journal={Better Crops with Plant Food},
  volume={80},
  number={3},
  pages={6--8},
  year={1996}
}

@article{fassa2022site,
  title={Site-specific nitrogen recommendations’ empirical algorithm for maize crop based on the fusion of soil and vegetation maps},
  author={Fassa, Virginia and Pricca, Nicol{\`o} and Cabassi, Giovanni and Bechini, Luca and Corti, Martina},
  journal={Computers and Electronics in Agriculture},
  volume={203},
  pages={107479},
  year={2022},
  publisher={Elsevier}
}

@article{trevisan2021spatial,
  title={Spatial variability of crop responses to agronomic inputs in on-farm precision experimentation},
  author={Trevisan, RG and Bullock, DS and Martin, NF},
  journal={Precision Agriculture},
  volume={22},
  pages={342--363},
  year={2021},
  publisher={Springer}
}

@article{ransom2019statistical,
  title={Statistical and machine learning methods evaluated for incorporating soil and weather into corn nitrogen recommendations},
  author={Ransom, Curtis J and Kitchen, Newell R and Camberato, James J and Carter, Paul R and Ferguson, Richard B and Fern{\'a}ndez, Fabi{\'a}n G and Franzen, David W and Laboski, Carrie AM and Myers, D Brenton and Nafziger, Emerson D and others},
  journal={Computers and Electronics in Agriculture},
  volume={164},
  pages={104872},
  year={2019},
  publisher={Elsevier}
}

@article{stanford1973rationale,
  title={Rationale for optimum nitrogen fertilization in corn production},
  author={Stanford, George},
  journal={Journal of Environmental Quality},
  volume={2},
  number={2},
  pages={159--166},
  year={1973},
  publisher={Wiley Online Library}
}

@article{reussi2015using,
  title={Using canopy indices to quantify the economic optimum nitrogen rate in spring wheat},
  author={Reussi Calvo, Nahuel I and Rozas, H Sainz and Echeverr{\'\i}a, H and Diovisalvi, N},
  journal={Agronomy Journal},
  volume={107},
  number={2},
  pages={459--465},
  year={2015},
  publisher={Wiley Online Library}
}

@article{oliveira2013calibrating,
  title={Calibrating canopy reflectance sensors to predict optimal mid-season nitrogen rate for cotton},
  author={Oliveira, Luciane F and Scharf, Peter C and Vories, Earl D and Drummond, Scott T and Dunn, David and Stevens, W Gene and Bronson, Kevin F and Benson, N Ray and Hubbard, Victoria C and Jones, Andrea S},
  journal={Soil Science Society of America Journal},
  volume={77},
  number={1},
  pages={173--183},
  year={2013},
  publisher={Wiley Online Library}
}

@article{bundy1995soil,
  title={Soil yield potential effects on performance of soil nitrate tests},
  author={Bundy, LG and Andraski, TW},
  journal={Journal of production agriculture},
  volume={8},
  number={4},
  pages={561--568},
  year={1995},
  publisher={Wiley Online Library}
}

@article{miao2006evaluating,
  title={Evaluating management zone optimal nitrogen rates with a crop growth model},
  author={Miao, Yuxin and Mulla, David J and Batchelor, William D and Paz, Joel O and Robert, Pierre C and Wiebers, Matt},
  journal={Agronomy journal},
  volume={98},
  number={3},
  pages={545--553},
  year={2006},
  publisher={Wiley Online Library}
}

@article{qin2018application,
  title={Application of machine learning methodologies for predicting corn economic optimal nitrogen rate},
  author={Qin, Zhisheng and Myers, D Brenton and Ransom, Curtis J and Kitchen, Newell R and Liang, Sang-Zi and Camberato, James J and Carter, Paul R and Ferguson, Richard B and Fernandez, Fabian G and Franzen, David W and others},
  journal={Agronomy Journal},
  volume={110},
  number={6},
  pages={2596--2607},
  year={2018},
  publisher={Wiley Online Library}
}

@article{wang2021machine,
  title={Machine learning-based in-season nitrogen status diagnosis and side-dress nitrogen recommendation for corn},
  author={Wang, Xinbing and Miao, Yuxin and Dong, Rui and Zha, Hainie and Xia, Tingting and Chen, Zhichao and Kusnierek, Krzysztof and Mi, Guohua and Sun, Hong and Li, Minzan},
  journal={European Journal of Agronomy},
  volume={123},
  pages={126193},
  year={2021},
  publisher={Elsevier}
}

@article{du2022corn,
  title={Corn variable-rate seeding decision based on gradient boosting decision tree model},
  author={Du, Zhaohui and Yang, Li and Zhang, Dongxing and Cui, Tao and He, Xiantao and Xiao, Tianpu and Xie, Chunji and Li, Hongsheng},
  journal={Computers and Electronics in Agriculture},
  volume={198},
  pages={107025},
  year={2022},
  publisher={Elsevier}
}

@article{morris2018strengths,
  title={Strengths and limitations of nitrogen rate recommendations for corn and opportunities for improvement},
  author={Morris, Thomas F and Murrell, T Scott and Beegle, Douglas B and Camberato, James J and Ferguson, Richard B and Grove, John and Ketterings, Quirine and Kyveryga, Peter M and Laboski, Carrie AM and McGrath, Joshua M and others},
  journal={Agronomy Journal},
  volume={110},
  number={1},
  pages={1--37},
  year={2018},
  publisher={Wiley Online Library}
}

@article{sawyer2006concepts,
  title={Concepts and rationale for regional nitrogen rate guidelines for corn},
  author={Sawyer, John and Nafziger, Emerson and Randall, Gyles and Bundy, Larry and Rehm, George and Joern, Brad},
  year={2006}
}

@article{vanotti1994alternative,
  title={An alternative rationale for corn nitrogen fertilizer recommendations},
  author={Vanotti, MB and Bundy, LG},
  journal={Journal of Production agriculture},
  volume={7},
  number={2},
  pages={243--249},
  year={1994},
  publisher={Wiley Online Library}
}


@article{kakimoto2022causal,
  title={Causal forest approach for site-specific input management via on-farm precision experimentation},
  author={Kakimoto, Shunkei and Mieno, Taro and Tanaka, Takashi ST and Bullock, David S},
  journal={Computers and Electronics in Agriculture},
  volume={199},
  pages={107164},
  year={2022},
  publisher={Elsevier}
}

@article{lobell2007cost,
  title={The cost of uncertainty for nitrogen fertilizer management: A sensitivity analysis},
  author={Lobell, David B},
  journal={Field Crops Research},
  volume={100},
  number={2-3},
  pages={210--217},
  year={2007},
  publisher={Elsevier}
}

@article{termin2023dynamic,
  title={Dynamic delineation of management zones for site-specific nitrogen fertilization in a citrus orchard},
  author={Termin, D and Linker, R and Baram, S and Raveh, E and Ohana-Levi, N and Paz-Kagan, T},
  journal={Precision Agriculture},
  pages={1--23},
  year={2023},
  publisher={Springer}
}

@article{de2023predicting,
  title={Predicting site-specific economic optimal nitrogen rate using machine learning methods and on-farm precision experimentation},
  author={de Lara, Alfonso and Mieno, Taro and Luck, Joe D and Puntel, Laila A},
  journal={Precision Agriculture},
  pages={1--21},
  year={2023},
  publisher={Springer}
}


@inproceedings{morales2022generation,
  title={Generation of site-specific nitrogen response curves for winter wheat using deep learning},
  author={Morales, Giorgio and Sheppard, John and Peerlinck, Amy and Hegedus, PB and Maxwell, BD},
  booktitle={Proceedings of the 15th International Conference on Precision Agriculture, Minneapolis, MN, USA},
  volume={28},
  year={2022}
}

@article{li2023economic,
  title={The economic performances of different trial designs in on-farm precision experimentation: a Monte Carlo evaluation},
  author={Li, Xiaofei and Mieno, Taro and Bullock, David S},
  journal={Precision Agriculture},
  pages={1--22},
  year={2023},
  publisher={Springer}
}


@article{barbosa2020risk,
  title={Risk-averse optimization of crop inputs using a deep ensemble of convolutional neural networks},
  author={Barbosa, Alexandre and Hovakimyan, Naira and Martin, Nicolas F},
  journal={Computers and Electronics in Agriculture},
  volume={178},
  pages={105785},
  year={2020},
  publisher={Elsevier}
}

@article{barbosa2020modeling,
  title={Modeling yield response to crop management using convolutional neural networks},
  author={Barbosa, Alexandre and Trevisan, Rodrigo and Hovakimyan, Naira and Martin, Nicolas F},
  journal={Computers and Electronics in Agriculture},
  volume={170},
  pages={105197},
  year={2020},
  publisher={Elsevier}
}

@article{krause2020random,
  title={Random forest regression for optimizing variable planting rates for corn and soybean using topographical and soil data},
  author={Krause, Margaret R and Crossman, Savanna and DuMond, Todd and Lott, Rodman and Swede, Jason and Arliss, Scott and Robbins, Ron and Ochs, Daniel and Gore, Michael A},
  journal={Agronomy Journal},
  volume={112},
  number={6},
  pages={5045--5066},
  year={2020},
  publisher={Wiley Online Library}
}

@article{gardner2021economic,
  title={An economic evaluation of site-specific input application R x maps: evaluation framework and case study},
  author={Gardner, Grant and Mieno, Taro and Bullock, David S},
  journal={Precision Agriculture},
  volume={22},
  pages={1304--1316},
  year={2021},
  publisher={Springer}
}

@article{kablan2017variability,
  title={Variability in corn yield response to nitrogen fertilizer in eastern Canada},
  author={Kablan, Lucie A and Chabot, Val{\'e}rie and Mailloux, Alexandre and Bouchard, Marie-{\`E}ve and Fontaine, Daniel and Bruulsema, Tom},
  journal={Agronomy Journal},
  volume={109},
  number={5},
  pages={2231--2242},
  year={2017},
  publisher={Wiley Online Library}
}

@article{paccioretti2021statistical,
  title={Statistical models of yield in on-farm precision experimentation},
  author={Paccioretti, P and Bruno, C and Gianinni Kurina, F and C{\'o}rdoba, Mariano and Bullock, DS and Balzarini, M},
  journal={Agronomy Journal},
  volume={113},
  number={6},
  pages={4916--4929},
  year={2021},
  publisher={Wiley Online Library}
}


@inproceedings{melkonian2008adapt,
  title={ADAPT-N: Adaptive nitrogen management for maize using high-resolution climate data and model simulations},
  author={Melkonian, JJ and Van Es, HM and DeGaetano, AT and Joseph, L},
  booktitle={Proceedings of the 9th international conference on precision agriculture},
  pages={20--23},
  year={2008},
  organization={Denver, CO. International Society f Precision Agriculture}
}

@article{setiyono2011maize,
  title={Maize-N: A decision tool for nitrogen management in maize},
  author={Setiyono, TD and Yang, H and Walters, DT and Dobermann, A and Ferguson, RB and Roberts, DF and Lyon, DJ and Clay, DE and Cassman, KG},
  journal={Agronomy journal},
  volume={103},
  number={4},
  pages={1276--1283},
  year={2011},
  publisher={Wiley Online Library}
}